@String{pub-MIT                 = "The MIT Press"}
@String{pub-MIT:adr             = "Cambridge, MA"}
@String{ieee                    = "Institute of Electrical and Electronics Engineers"}

@article{
toner:QuantitativeFlocking,
author = {John Toner and Yuhai Tu},
title = {Flocks, herds, and schools: A quantitative theory of flocking},
journal = {Physical Review E},
volume = 58,
number = 4,
year = 1998,
month = {October},
pages = {4828--4858}
}

@inproceedings{DBLP:conf/dars/PalmerSHKC00,
  author =	 {Daniel W. Palmer and Daniel H. Stinberg and Chad
                  M. Hantak and Michael A. Kovacina and Sam
                  N. Calabrese},
  title =	 {Susceptibility of Swarm Control Algorithms to Agent
                  Failure.},
  booktitle =	 {DARS},
  year =	 {2000},
  pages =	 {479-480},
  crossref =	 {DBLP:conf/dars/2000},
  bibsource =	 {DBLP, http://dblp.uni-trier.de}
}

@book{
	GoF,
  author =	 "Erich Gamma and Richard Helm and Ralph Johnson and
                  John Vlissides",
  title =	 "Design Patterns: Elements of Reusable
                  Object-Oriented Software",
  publisher =	 "Addison-Wesley",
  year =	 "1994",
  address =	 "Reading, MA"
}

@article{appleby:agent-control,
  author =	 {Stephen Appleby and Simon Steward},
  title =	 {Mobile Software Agents for Control in Telecommunication Networks},
  journal =	 {British Telecom Technical Journal},
  volume = {18},
  number = {1},
  year = {2000},
  issn = {1358-3948},
  pages = {68--70},
  doi = {http://dx.doi.org/10.1023/A:1026569720098},
  publisher = {Kluwer Academic Publishers},
  address = {Hingham, MA, USA}
 }

@Misc{
	arabshahi:SwarmIntelligence,
  author =	 {Payman Arabshahi},
  title =	 {Swarm Intelligence Resources Page},
  howpublished = "\url{http://dsp.jpl.nasa.gov/members/payman/swarm}",
  url =		 {http://dsp.jpl.nasa.gov/members/payman/swarm/},
  year =	 {2002}
}

@Book{
	back:ec1,
  editor =	 {Thomas B{\"a}ck and David Fogel and Zbigniew
                  Michalewicz },
  title =	 {Evolutionary Computation 1: Basic Algorithms and
                  Operators},
  year =	 {2000},
  publisher =	 {Institute of Physics Publishing},
address = {Philadelphia, PA}
}

@article{ balch:FormationControl,
  author =	 "Tucker Balch and Ronald Arkin",
  title =	 "Behavior-based Formation Control for Multi-robot
                  Teams",
  journal =	 "IEEE Transactions on Robotics and Automation",
  year =	 "1998",
  volume =	 "14",
  number =	 "6",
  pages =	 "926-939",
  url =
                  "\url{http://citeseer.ist.psu.edu/balch99behaviorbased.html}"
}

@inProceedings{
	beni:CellularRoboticSystems,
  author =	 {G. Beni},
  title =	 {The Concept of Cellular Robotic Systems},
  booktitle =	 {Proceedings 1988 IEEE International Symposium on Intelligent Control},
  institution =	 ieee,
  year =	 {1988},
  pages =	 {57--62},
  publisher =	 {IEEE Computer Society Press},
  address =	 "Arlington, VA",
  month =	 "August"
}

@Book{
bonabeau:SwarmIntelligence,
  author = 	 {Eric Bonabeau and Marco Dorigo and Guy Theraulaz},
  title = 	 {Swarm Intelligence: From Natural to Artificial Systems},
  publisher = 	 {Oxford University Press},
  year = 	 {1999},
  address = 	 {New York, New York},
}

@Article{
	bonabeau:SwarmSmarts,
  author =	 {Eric Bonabeau and Guy Theraulaz},
  title =	 {Swarm Smarts},
  journal =	 {Scientific American},
  month =	 {March},
  year =	 {2002},
  pages =	 {82--90}
}

@InProceedings{
	brown:AdHocUAV,
  author =	 "Timothy Brown and Brian Argrow and Cory Dixon and
                  Sheetalkumar Doshi andRoshan-George Thekkekunnel
                  and Daniel Henkel",
  title =	 "Ad-Hoc {UAV} Ground Network ({AUGN}et)",
  year =	 "2004",
  booktitle =	 "AIAA 3rd \qw{Unmanned Unlimited} Technical
                  Conference, Workshop and Exhibit",
  address =	 "Chicago, IL",
  month =	 "September",
  organization = "American Institute of Aeronautics and Astronautics"
}

@Article{caro-antnet,
author = "Gianni Di Caro and Marco Dorigo",
title = "AntNet: Distributed Stigmergetic Control for Communications Networks",
  journal = "Journal of Artificial Intelligence Research",
    volume = "9",
    pages = "317-365",
    year = "1998",
}

@misc{
clough:PersonalCommunication,

  author = {Bruce Clough},
  title = "Personal Communication",
  howpublished= {{Wright-Patterson AFB Air Force Research Lab}},
  year =	 2002
}

@TechReport{
clough:SwarmingUAVs,
  author =	 {Bruce Clough},
  title =	 {{UAV} Swarming? {So} What are those Swarms, What are
                  the Implications, and How Do We Handle Them?},
  institution =	 {Wright-Patterson AFB Air Force Research Lab},
  year =	 {2002},
  number =	 {AFRL-VA-WP-2002-308}
}

@book{
  clr,
  author =	 "Thomas Cormen and Charles Leiserson and Ronald Rivest",
  title =	 "Introduction to Algorithms",
  publisher =	 pub-MIT,
  address =	 pub-MIT:adr,
  year =	 "1989",
  ISBN =	 "0-262-03141-8",
  LCCN =	 "QA76.6 .C662 1989",
}

@Article{couzin:CollectiveMemory,
  author = 	 {Iain D. Couzin and Jens Krause and Richard James and Graeme D. Ruxton and Nigel R. Franks},
  title = 	 {Collective memory and spatial sorting in animal groups},
  journal = 	 {Journal of Theoretical Biology},
  year = 	 2002,
  volume =	 218,
  pages =	 {1--11}
}

@Article{
	dkoeppel:MassiveAttack,
  author =	 "Dan Koeppel",
  title =	 "Massive Attack",
  journal =	 "Popular Science",
  month =	 "December",
  year =	 2002,
  pages =	 "38--44"
}

@InProceedings{
	dpalmer:CollectiveWhegs,
  author =	 "Daniel Palmer and Marc Kirschenbaum and Jon Murton
                  et al.",
  title =	 "Development of Collective Control Architectures for
                  Small Quadruped Robots Based on Human Swarming
                  Behavior",
  booktitle =	 "Proceedings of the 2nd International Workshop on the
                  Mathematics and Algorithms of Social
                  Insects. Atlanta",
  location =	 "Georgia Institute of Technology",
  year =	 "2003"
}

@InProceedings{
	dpalmer:HumanSwarmReference,
  author =	 "Daniel Palmer and Marc Kirschenbaum and Michael
                  Kovacina and Jon Murton and Kelly Zajac",
  title =	 "Self-referential Biological Inspiration: Humans
                  Observing Human Swarms to Identify Swarm Programming
                  Techniques",
  booktitle =	 "Proceedings of the 7th World Multiconference on
                  Systemics, Cybernetics and Informatics",
  volume =	 "11",
  year =	 " 2003",
  pages =	 "39-44"
}

@InProceedings{
	dpalmer:SwarmReasoning,
  author =	 "Daniel Palmer and Marc Kirschenbaum and Jason
                  Shifflet and Linda Seiter",
  title =	 "Swarm Reasoning",
  booktitle =	 "IEEE Swarm Intelligence Symposium",
  year =	 "2005",
institution = ieee,
address = {Pasadena, CA},
month = {June}
}

@Article{fax:InformationFlow,
  author = 	 {J. Alexander Fax and Richard M. Murray},
  title = 	 {Information Flow and Cooperative Control of Vehicle Formations},
  journal = 	 {IEEE Transactions on Automatic Control},
  year = 	 2004,
  volume =	 49,
  number =	 9,
  pages =	 {1465--1476},
  month =	 {September}
}

@InProceedings{
	gaudiano:EvolvingBehaviorsUAVs,
  author =	 { Paul Gaudiano and Eric Bonabeau and Ben Shargel },
  title =	 { Evolving Behaviors for a Swarm of Unmanned Air
                  Vehicles },
  booktitle =	 { IEEE Swarm Intelligence Symposium },
  year =	 {2005},
  institution = ieee,
  address = {Pasadena, California},
  month = {June}
}


@Article{
gazi:SwarmStability,
  author = 	 {Veysel Gazi and Kevin Passino},
  title = 	 {Stability Analysis of Swarms},
  journal = 	 {IEEE Trans. on Automatic Control},
  year = 	 2003,
  volume =	 48,
  number =	 4,
  pages =	 {692--697},
  month =	 {April}
}

@inproceedings{go:AutonomousBehaviors,
 author = {Jared Go and Thuc Vu and James J. Kuffner},
 title = {Autonomous behaviors for interactive vehicle animations},
 booktitle = {SCA '04: Proceedings of the 2004 ACM SIGGRAPH/Eurographics Symposium on Computer Animation},
 year = {2004},
 isbn = {3-905673-14-2},
 pages = {9--18},
 location = {Grenoble, France},
 doi = {http://doi.acm.org/10.1145/1028523.1028525},
 publisher = {ACM Press},
 address = {New York, NY, USA},
 }




@Article{
	grasse:Stigmergy,
  author =	 "P.-P. Grass\`{e}",
title =	 "La reconstruction du nid et les coordinations
                  inter-individuelles chez {{\it B}}{\it
                  ellicositermes natalensis} et {{\it C}}{\it
                  ubitermes sp}. {L}a thiorie de la {S}tigmergie:
                  {E}ssai d'interpritation du comportement des
                  {T}ermites {C}onstructeurs",
  journal =	 "Insectes sociaux",
  year =	 1959,
  volume =	 6,
  pages =	 "41-80"
}

@InCollection{
grunbaum:InteractiveSwarms,
  author = 	 {D. Grunbaum and S. Viscido and J. K. Parrish},
  title = 	 {Extracting interactive control algorithms from group dynamics of schooling fish},
  booktitle = 	 {Lecture Notes in Control and Information Sciences},
  pages =	 {103--117},
  publisher =	 {Springer-Verlag},
  year =	 2004,
  editor =	 {V. Kumar and  N. E. Leonard and A. S. Morse}
}

@inproceedings{
	hantak:SWEEP,
  author =	 "Chad Hantak and Daniel Palmer",
  title =	 "Implementing a Swarm Intelligence Software
                  Laboratory Using Finite State Automata",
  year =	 "1998",
  pages =	 "984-988",
  booktitle =	 "Proceedings 12th National Conference on
                  Undergraduate Research (NCUR)",
  organization = "National Conference on Undergraduate Research",
  volume =	 "3",
address = "Salisbury, MD"
}
}

@Article{huepe:ParticleClustering,
  author = 	 {Cristian Huepe and Maximino Aldana},
  title = 	 {Intermittency and clustering in a system of self-driven particles},
  journal = 	 {Physical Review Letters},
  year = 	 2004,
  volume =	 92,
  number =	 16,
  pages =	 168701,
  month =	 {April}
}

@Misc{
	isreal:PredatorModeling,
  author =	 {Major General Kenneth R. Israel},
  title =	 {Modeling and Simulation Employed in the {Predator}
                  Unmanned Aerial Vehicle Program},
  url =		 {\url{http://www.fas.org/irp/agency/daro/product/predms.htm}},
  month =	 {March},
  year =	 {1997},
  institution =	 {Defense Airborne Reconnaissance Office},
  howpublished = {\url{http://www.fas.org/irp/agency/daro/product/predms.htm}}
}

@Article{jadbabaie:Coordination,
  author = 	 {Ali Jadbabaie and Jie Lin and A. Stephen Morse},
  title = 	 {Coordination of Groups of Mobile Autonomous Agents Using Nearest Neighbor Rules},
  journal = 	 {IEEE Transactions on Automatic Control},
  year = 	 2003,
  volume =	 48,
  number =	 6,
  pages =	 {988--1001},
  month =	 {June}
}

@book{
jholland:Adaptation,
  author =	 "John Holland",
  title =	 "Adaptation in Natural and Artificial Systems",
  year =	 "1975",
  publisher =	 "The University of Michigan Press, Ann Arbor"
}


@book{
jpolderman:SystemsTheoryBehavioral,
  author =	 {Jan Willem Polderman and Jan C. Willems},
  title =	 {Introduction to Mathematical Systems Theory: A
                  Behavioral Approach},
  year =	 {1998},
  isbn =	 {0-387-98266-3},
  publisher =	 {Springer-Verlag},
  address =	 {Secaucus, NJ, USA}
}

@InProceedings{
	jshifflet:SwarmReasoning,
  author =	 "Jason Shifflet",
  title =	 "Swarm-Based Reasoning for the Four Color Mapping Problem",
  year =	 "2005",
  booktitle =	 "Proceedings 19th National Conference on Undergraduate Research (NCUR)",
  organization = "National Conference on Undergraduate Research",
  address = "Lexington, VA",
  month = "April"
}

@InProceedings{
	jwillems:Variables,
  author =	 "Jan C. Willems",
  title =	 "Modelling Using Manifest and Latent Variables",
  booktitle =	 "Proceedings of the 35th Conference on Decision and
                  Control",
  year =	 "1996",
  address =	 "Kobe, Japan",
  month =	 "December",
  organization = "Institute of Electrical and Electronics Engineers",
  pages =	 "197--198"
}

@book{karnold:Java,
 author = {Ken Arnold and James Gosling and David Holmes},
 title = {The Java(TM) Programming Language (4th Edition)},
 year = {2005},
 isbn = {0321349806},
 publisher = {Addison-Wesley Professional},
 address = {Reading, MA}
 }

@InProceedings{
	kolacinski:SwarmRovers,
  author =	 "Richard. M. Kolacinski and Daniel W. Palmer and
                  Patrick M. Cloutier and Jason E. Schatz",
  title =	 "Biologically Inspired Design for Low Cost
                  Exploration of Space: Swarms of Martian Rovers Based
                  on the Russian Thistle",
  year =	 "2003",
  booktitle =	 "Proceedings of the 7th World Multiconference on
                  Systemics, Cybernetics and Informatics",
  volume =	 "11",
  pages =	 "32-38",
address = "Orlando, FL",
month = "July"
}

@InProceedings{
	kovacina:AdaptiveIntelligentEvolution,
  author =	 "Michael A. Kovacina and Daniel W. Palmer and Ravi
                  Vaidyanathan and Richard M. Kolacinski",
  title =	 "Intelligent/Adaptive Operators and Representation
                  Modulation for Evolutionary Programming",
  year =	 "2004",
  booktitle =	 "AIAA 3rd Unmanned Unlimited Technical Conference",
  address =	 "Chicago, IL",
  month =	 "September",
  organization = "American Institute of Aeronautics and Astronautics"
}

@book{	koza:geneticprogramming-1,
 author = {John R. Koza},
 title = {Genetic Programming: On the Programming of Computers by Means of Natural Selection},
 year = {1992},
 isbn = {0-262-11170-5},
 publisher = {MIT Press},
 address = {Cambridge, MA, USA},
 }

@InProceedings{
	lewis:Nanorobots,
  author =	 { M. Anthony Lewis and George Bekey },
  title =	 { The Behavioral Self-Organization of Nanorobots Using Local Rules },
  booktitle =	 {Proceedings of IEEE/RSJ International Conference on
                  Intelligent Robots and Systems},
  institution =	 ieee,
  volume =	 {2},
  year =	 {1992},
  month = {July},
  pages = {1333--1338}
}

@Article{marshall:VehicleFormations,
  author = 	 {Joshua A. Marshall and Mireille E. Broucke and Bruce A. Francis},
  title = 	 {Formations of Vehicles in Cyclic Pursuit},
  journal = 	 {IEEE Transactions on Automatic Control},
  year = 	 2004,
  volume =	 49,
  number =	 11,
  pages =	 {1963--1974},
  month =	 {November}
}

@TechReport{
	navy:SurfaceFire,
  title =	 {Concept of Employment for Naval Surface Fire
                  Support},
  author =	 {Program Executive Office Theater Surface Combatants
                  (PEO TSC)},
  institution =	 {NAVSEA},
  year =	 {1998}
}



@TechReport{
	orbital:SatelliteSwarms,
  author =	 {{Orbital Research Inc}},
  title =	 {Auto-adaptive Fuzzy Rule Base Control of Autonomous
                  Swarms},
  institution =	 {Kirtland AFB Space Vehicles Directorate},
  year =	 {1999},
  type =	 {{SBIR} {P}hase {I} {F}inal {R}eport}
}

@TechReport{
	orbital:UAVSwarmsFinal,
  author =	 {{Orbital Research Inc.}},
  title =	 {Swarm Intelligence and Command Interface for
                  Collective Operation of Military UAV Teams},
  institution =	 {Air Force Office of Scientific Research},
  month =	 {January},
  year =	 {2001},
  type =	 {SBIR Phase I Final Report}
}

@inproceedings{paley:CollectiveMotion,
  title = 	 {Collective motion: Bistability and trajectory tracking},
  year = 	 2004,
  author =	 {D. Paley and N. E. Leonard and R. Sepulchre},
  booktitle =	 {IEEE Conference on Decision and Control}
}

@InProceedings{
	palmer:Behavior,
  author =	 { Daniel Palmer and Chad Hantak and Michael Kovacina},
  title =	 {Impact of Behavior Influence on Decentralized Control Strategies for Swarms of Simple, Autonomous Mobile Agents},
  booktitle =	 { Workshop: Biomechanics Meets Robotics Modeling and
                  Simulation of Motion},
  year =	 {1999},
  address = {Heidelberg, Germany},
  month = {November}
}

@InProceedings{
	palmer:CAST,
  author =	 "Daniel Palmer and Marc Kirschenbaum and Jon Muron
                  and Kelly Zajac",
  title =	 "Decentralized Cooperative Auction for Multiple Agent
                  Task Allocation Using Synchronized Random Number
                  Generators",
  booktitle =	 "Proceedings of the 2003 International Conference on
                  Intelligent Robots and Systems",
  year =	 {2003},
  month = {October},
pages = {1963--1969},
  address = {Las Vegas, NV}
}

@InProceedings{
	palmer:HumanSwarm,
  author =	 "Daniel Palmer and Marc Kirschenbaum and Jon
                  Murton and Michael Kovacina and Daniel
                  Steinberg and Sam Calabrese and Kelly Zajac
                  and Chad Hantak and Jason Schatz",
  title =	 "Using a Collection of Humans as an Execution Testbed
                  for Swarm Algorithms",
  booktitle =	 { Proceedings of the IEEE Swarm Intelligence Symposium },
  year =	 {2003},
  organization = "Institute of Electrical and Electronics Engineers",
  pages =	 "58-64",
address =  {Indianapolis, IN},
month = {April}
}

@Article{parrish:FishSchools,
  author = 	 {Julia K. Parrish and Steven V. Viscido and Daniel Grunbaum},
  title = 	 {Self-Organized Fish Schools: An Examination of Emergent Properties},
  journal = 	 {Biol. Bull.},
  year = 	 2002,
  volume =	 202,
  pages =	 {296--305},
  month =	 {June}
}

@InProceedings{
	parunak:DigitalPheromone,
  author =	 {Parunak, H.V.D. and Purcell, M. and Connell, R.},
  title =	 {Digital Pheromones for Autonomous Coordination of
                  Swarming UAVs},
  booktitle =	 {Proceedings of the AIAA's First Technical Conference
                  and Workshop on Unmanned Aerospace Vehicles,
                  Systems, and Operations},
  institution =	 {AIAA},
  year =	 {2002},
  annote =	 {AIAA-2002-3446}
}

@InProceedings{
	pkovacina:AspectSwarms,
  author =	 "Peter T. Kovacina",
  title =	 "Use of Aspect-Oriented Programming with Swarm
                  Algorithms",
  year =	 "2005",
  booktitle =	 "Proceedings 19th National Conference on
                  Undergraduate Research (NCUR)",
  organization = "National Conference on Undergraduate Research",
address = "Lexington, VA",
month = "April"
}

@Book{
	plinz:FormalLanguages,
  author =	 {Peter Linz},
  title =	 {An Introduction to Formal Languages and Automata},
  year =	 {1990},
  isbn =	 {0-669-17342-8},
  publisher =	 {D. C. Heath and Company},
  address =	 {Lexington, MA, USA},
}

@article{ reynolds87flocks,
  author =	 "Craig W. Reynolds",
  title =	 "Flocks, Herds, and Schools: {A} Distributed
                  Behavioral Model",
  journal =	 "Computer Graphics",
  volume =	 "21",
  number =	 "4",
  pages =	 "25--34",
  year =	 "1987",
  url =		 "citeseer.ist.psu.edu/reynolds87flocks.html",
  url =		 "http://www.red3d.com/cwr/papers/1987/boids.html"
}

@Misc{
	reynolds:Batman,
  title =	 {Boids (Flocks, Herds, and Schools: A Distributed
                  Behavior Model)},
  author =	 "Craig Reynolds",
  howpublished = "\url{http://www.red3d.com/cwr/boids}",
  year =	 2001,
  month =	 "June",
}

@TechReport{
	rschoonderwoerd:AntTelecom,
  title =	 "Ants for load balancing in telecommunications
                  networks",
  author =	 "Ruud Schoondwoerd and Owen Holland and Janet Bruten
                  and Leon Rothkrantz",
  instituation = "Hewlett-Packard Laboratories",
  year =	 "1996",
  month =	 "March",
  number =	 "HPL-96-35"
}

@Article{rtobias:SwarmSoftware,
  author = 	 {Robert Tobias and Carole Hofmann},
  title = 	 {Evaluation of free {J}ava-libraries for social-scientific agent based simulation},
  journal = 	 {Journal of Artificial Societies and Social Simulation},
  year = 	 {2004},
  volume = 	 {7},
  number = 	 {1},
  month = 	 {January},
howpublished = {\url{http://jasss.soc.surrey.ac.uk/7/1/6.html}}
}

@Article{schechter:BoF,
  author = 	 {Bruce Schechter},
  title = 	 {Birds of a feather},
  journal = 	 {New Scientist},
  year = 	 1999,
  pages =	 {30--33},
  month =	 {January}
}

@Article{topaz:SwarmingPatterns,
  author = 	 {Chad M. Topaz and Andrea L. Bertozzi},
  title = 	 {Swarming patterns in a two-dimensional kinematic model for biological groups},
  journal = 	 {SIAM Journal of Applied Math},
  year = 	 2004,
  volume =	 65,
  number =	 1,
  pages =	 {152--74}
}

@InProceedings{
	trahan:UAVSwarms,
  author =	 {Trahan, M. and Wagner, J. and Stantz, K. and Gray,
                  P. and Robinett, R.},
  title =	 {Swarms of {UAVs} and Fighter Aircraft},
  booktitle =	 {Proceedings of the Second International Conference
                  on Nonlinear Problems in Aviation and Aerospace},
  volume =	 {2},
  pages =	 {745--752},
  year =	 {1998},
address = "Daytona Beach, FL",
month = "April"
}

@Article{vicsek:PhaseTransition,
  author = 	 {Tamas Vicsek and Andras Czirok and Eshel Ben-Jacob and Inon Cohen and Ofer Shochet},
  title = 	 {Novel type of phase transition in a system of self-driven particles},
  journal = 	 {Physical Review Letters},
  year = 	 1995,
  volume =	 75,
  number =	 6,
  pages =	 {1226--1229},
  month =	 {August}
}

@Misc{
	web:massive,
  title =	 "Massive Software",
  author =	 "Massive Software",
  howpublished = "\url{http://www.massivesoftware.com}",
  year =	 "2005"
}

@InProceedings{yang:PathPlanning,
  author = 	 {Gang Yang and Vikram Kapila},
  title = 	 {Optimal Path Planning for Unmanned Air Vehicles with Kinematic and Tactical Constraints},
  pages = 	 {1301--1306},
  year = 	 {2002},
  address = 	 {Las Vegas, NV},
  month = 	 {December},
  organization = ieee,
  publisher = {Proceedings of the IEEE Conference on Decision and Control}
}

@techreport{
	zaera:EvolveCollectiveBehavior,
  author =	 {Nahum Zaera and Dave Cliff and Janet Bruten},
  title =	 {{(Not)} Evolving Collective Behaviours in Synthetic
                  Fish},
  institution =	 {Hewlett-Packard Laboratories},
  number =	 {HPL-96-04},
  type =	 {Technical Report},
  year =	 {1996}
}

